<record><leader>00000cas a22000007a 4500</leader><controlfield tag="001">11911228</controlfield><controlfield tag="008">850412d18571862iauwr ne      0    0eng d</controlfield><datafield ind1=" " ind2=" " tag="010"><subfield code="a">sn 85050794 </subfield></datafield><datafield ind1=" " ind2=" " tag="040"><subfield code="a">INP</subfield><subfield code="b">eng</subfield><subfield code="c">INP</subfield><subfield code="d">OCLCQ</subfield></datafield><datafield ind1=" " ind2=" " tag="042"><subfield code="a">msc</subfield></datafield><datafield ind1="0" ind2="0" tag="245"><subfield code="a">Story County advocate.</subfield></datafield><datafield ind1=" " ind2=" " tag="260"><subfield code="a">Nevada, Iowa :</subfield><subfield code="b">R.R. Thrall,</subfield><subfield code="c">-1862.</subfield></datafield><datafield ind1=" " ind2=" " tag="300"><subfield code="a">v. ;</subfield><subfield code="c">55 cm.</subfield></datafield><datafield ind1=" " ind2=" " tag="310"><subfield code="a">Weekly</subfield></datafield><datafield ind1="0" ind2=" " tag="362"><subfield code="a">-v. 6, no. 13 (May 29, 1862).</subfield></datafield><datafield ind1="1" ind2=" " tag="362"><subfield code="a">Began Jan. 8, 1857.</subfield><subfield code="z">Cf. Bibl. of Iowa newspapers.</subfield></datafield><datafield ind1=" " ind2=" " tag="588"><subfield code="a">Description based on: Vol. 3, no. 6 (Mar. 16, 1859).</subfield></datafield><datafield ind1=" " ind2=" " tag="752"><subfield code="a">United States</subfield><subfield code="b">Iowa</subfield><subfield code="c">Story</subfield><subfield code="d">Nevada.</subfield></datafield><datafield ind1="0" ind2="0" tag="785"><subfield code="t">Republican reveille</subfield><subfield code="w">(DLC)sn 85050787</subfield></datafield></record>